<record><leader>00000cas a22000007a 4500</leader><controlfield tag="001">14938595</controlfield><controlfield tag="008">861208d18961896wiuwr ne      0    0eng d</controlfield><datafield ind1=" " ind2=" " tag="010"><subfield code="a">sn 86086828 </subfield></datafield><datafield ind1=" " ind2=" " tag="040"><subfield code="a">NPV</subfield><subfield code="b">eng</subfield><subfield code="c">NPV</subfield><subfield code="d">OCLCQ</subfield></datafield><datafield ind1=" " ind2=" " tag="042"><subfield code="a">msc</subfield></datafield><datafield ind1="0" ind2="4" tag="245"><subfield code="a">The Melrose Saturday chronicle.</subfield></datafield><datafield ind1=" " ind2=" " tag="260"><subfield code="a">Melrose, Wis. :</subfield><subfield code="b">E.E. Gilbertson,</subfield><subfield code="c">1896-1896.</subfield></datafield><datafield ind1=" " ind2=" " tag="300"><subfield code="a">v.</subfield></datafield><datafield ind1=" " ind2=" " tag="310"><subfield code="a">Weekly</subfield></datafield><datafield ind1="0" ind2=" " tag="362"><subfield code="a">Vol. 1, no. 1 (Oct. 3, 1896)-v. 1, no. 7 (Nov. 14, 1896).</subfield></datafield><datafield ind1=" " ind2=" " tag="500"><subfield code="a">Publisher varies.</subfield></datafield><datafield ind1=" " ind2=" " tag="752"><subfield code="a">United States</subfield><subfield code="b">Wisconsin</subfield><subfield code="c">Jackson</subfield><subfield code="d">Melrose.</subfield></datafield><datafield ind1="0" ind2="0" tag="785"><subfield code="t">Melrose chronicle</subfield><subfield code="w">(DLC)sn 86086829</subfield></datafield></record>